<?xml version="1.0" encoding="utf-8"?>
<record xmlns="http://www.loc.gov/MARC21/slim" xmlns:xsi="http://www.w3.org/2001/XMLSchema-instance" xsi:schemaLocation="http://www.loc.gov/MARC21/slim http://www.loc.gov/standards/marcxml/schema/MARC21slim.xsd">
	<leader>     nam a22     Mi 4500</leader>
	<controlfield tag="001">b12356189</controlfield>
	<controlfield tag="003">LeBAU</controlfield>
	<controlfield tag="006">m        d        </controlfield>
	<controlfield tag="007">cr cn |||m|||a</controlfield>
	<controlfield tag="008">181218q1932    ua      ob    ||1 0 ara d</controlfield>
	<datafield ind1=" " ind2=" " tag="040">
		<subfield code="a">ZYU</subfield>
		<subfield code="b">ara</subfield>
		<subfield code="e">rda</subfield>
		<subfield code="c">ZYU</subfield>
	</datafield>
	<datafield ind1="0" ind2=" " tag="041">
		<subfield code="a">fre</subfield>
		<subfield code="a">ara</subfield>
	</datafield>
	<datafield ind1="0" ind2="4" tag="082">
		<subfield code="a">181.07</subfield>
		<subfield code="2">22</subfield>
	</datafield>
	<datafield ind1="0" ind2=" " tag="100">
		<subfield code="a">Averroës,</subfield>
		<subfield code="d">1126-1198,</subfield>
		<subfield code="e">author.</subfield>
	</datafield>
	<datafield ind1="1" ind2="0" tag="245">
		<subfield code="6">880-01</subfield>
		<subfield code="a">Talkhiç Kitab al-Maqoulat :</subfield>
		<subfield code="b">texte arabe inédit publié avec une recension nouvelle du Kitab al-maqoulat d'Aristote /</subfield>
		<subfield code="c">li-Abī al-Walīd Ibn Rushd.</subfield>
	</datafield>
	<datafield ind1="3" ind2="1" tag="246">
		<subfield code="6">880-02</subfield>
		<subfield code="a">Talkhīṣ kitāb al-maqūlāt</subfield>
	</datafield>
	<datafield ind1=" " ind2="1" tag="264">
		<subfield code="a">Beyrouth :</subfield>
		<subfield code="b">Imprimerie Catholique,</subfield>
		<subfield code="c">MCMXXXII, [1932?]</subfield>
	</datafield>
	<datafield ind1=" " ind2=" " tag="300">
		<subfield code="a">online resource (XL, 183 pages)</subfield>
	</datafield>
	<datafield ind1=" " ind2=" " tag="336">
		<subfield code="a">text</subfield>
		<subfield code="2">rdacontent</subfield>
	</datafield>
	<datafield ind1=" " ind2=" " tag="337">
		<subfield code="a">computer</subfield>
		<subfield code="2">rdamedia</subfield>
	</datafield>
	<datafield ind1=" " ind2=" " tag="338">
		<subfield code="a">online resource</subfield>
		<subfield code="2">rdacarrier</subfield>
	</datafield>
	<datafield ind1="1" ind2=" " tag="490">
		<subfield code="a">Bibliotheca Arabica scholasticorum. Série Arabe ;</subfield>
		<subfield code="v">Tome IV</subfield>
	</datafield>
	<datafield ind1=" " ind2=" " tag="500">
		<subfield code="a">Part of the Arabic Collections Online (ACO) project, contributed by American University of Beirut's Jafet Memorial Library.</subfield>
	</datafield>
	<datafield ind1=" " ind2=" " tag="504">
		<subfield code="a">Includes bibliographical references and indexes.</subfield>
	</datafield>
	<datafield ind1=" " ind2=" " tag="533">
		<subfield code="a">Electronic reproduction.</subfield>
		<subfield code="b">New York, N.Y. :</subfield>
		<subfield code="c">New York University,</subfield>
		<subfield code="d">2018.</subfield>
		<subfield code="5">NNU</subfield>
	</datafield>
	<datafield ind1=" " ind2=" " tag="546">
		<subfield code="a">Text in French and Arabic.</subfield>
	</datafield>
	<datafield ind1="0" ind2="0" tag="600">
		<subfield code="a">Aristotle.</subfield>
		<subfield code="t">Categoriae.</subfield>
	</datafield>
	<datafield ind1="0" ind2="4" tag="600">
		<subfield code="a">أرسطوطاليس.</subfield>
		<subfield code="t">كتاب المقولات.</subfield>
	</datafield>
	<datafield ind1=" " ind2="0" tag="650">
		<subfield code="a">Categories (Philosophy)</subfield>
	</datafield>
	<datafield ind1=" " ind2="0" tag="650">
		<subfield code="a">Philosophy, Ancient.</subfield>
	</datafield>
	<datafield ind1=" " ind2="4" tag="650">
		<subfield code="a">المقولات (فلسفة)</subfield>
	</datafield>
	<datafield ind1=" " ind2="4" tag="650">
		<subfield code="a">الفلسفة القديمة.</subfield>
	</datafield>
	<datafield ind1="1" ind2=" " tag="700">
		<subfield code="a">Aristotle.</subfield>
		<subfield code="e">compiler.</subfield>
		<subfield code="t">Maqūlāt.</subfield>
		<subfield code="l">Arabic.</subfield>
	</datafield>
	<datafield ind1="0" ind2=" " tag="700">
		<subfield code="a">Aristotle.</subfield>
		<subfield code="t">Categoriae.</subfield>
		<subfield code="l">Arabic.</subfield>
	</datafield>
	<datafield ind1="0" ind2=" " tag="700">
		<subfield code="6">880-03</subfield>
		<subfield code="a">أرسطوطاليس.</subfield>
		<subfield code="t">المقولات.</subfield>
		<subfield code="l">عربي.</subfield>
	</datafield>
	<datafield ind1="2" ind2=" " tag="710">
		<subfield code="a">Jafet Memorial Library.</subfield>
	</datafield>
	<datafield ind1="0" ind2=" " tag="730">
		<subfield code="a">Arabic Collections Online.</subfield>
	</datafield>
	<datafield ind1="0" ind2=" " tag="762">
		<subfield code="a">Série Arabe</subfield>
	</datafield>
	<datafield ind1="0" ind2="8" tag="776">
		<subfield code="i">Print version:</subfield>
		<subfield code="a">Averroës, 1126-1198, author.</subfield>
		<subfield code="t">Talkhiç Kitab al-Maqoulat</subfield>
		<subfield code="w">(LeBAU)b12356189</subfield>
	</datafield>
	<datafield ind1=" " ind2="0" tag="830">
		<subfield code="a">Bibliotheca Arabica scholasticorum. Série Arabe ;</subfield>
		<subfield code="v">4.</subfield>
	</datafield>
	<datafield ind1="4" ind2="0" tag="856">
		<subfield code="u">http://hdl.handle.net/2333.1/83bk3rjs</subfield>
	</datafield>
	<datafield ind1="1" ind2="0" tag="880">
		<subfield code="6">245-01</subfield>
		<subfield code="a">Talkhiç Kitab al-Maqoulat :</subfield>
		<subfield code="b">texte arabe inédit publié avec une recension nouvelle du Kitab al-maqoulat d'Aristote /</subfield>
		<subfield code="c">Averroès ; par M. Bouyges, S. J. = Talkhīṣ kitāb al-maqūlāt /</subfield>
		<subfield code="c">li-Abī al-Walīd Ibn Rushd.</subfield>
	</datafield>
	<datafield ind1="3" ind2="1" tag="880">
		<subfield code="6">246-02</subfield>
		<subfield code="a">تلخيص كتاب المقولات</subfield>
	</datafield>
	<datafield ind1="1" ind2=" " tag="880">
		<subfield code="6">700-03</subfield>
		<subfield code="a">Bouyges, Maurice,</subfield>
		<subfield code="t">Maqūlāt.</subfield>
		<subfield code="l">Arabic.</subfield>
	</datafield>
	<datafield ind1=" " ind2=" " tag="959">
		<subfield code="a">NNU</subfield>
		<subfield code="b">WEB</subfield>
		<subfield code="c">GENI</subfield>
		<subfield code="t">0</subfield>
		<subfield code="m">Electronic access</subfield>
		<subfield code="s">01</subfield>
	</datafield>
	<datafield ind1=" " ind2=" " tag="999">
		<subfield code="i">LeBAU_b12356189</subfield>
		<subfield code="s">aub_aco002138</subfield>
		<subfield code="e">(ERROR-880)(ERROR-MISC)</subfield>
	</datafield>
</record>
